<collection xmlns="http://www.loc.gov/MARC21/slim">
<record>
  <leader>01187cam a22002410a 4500</leader>
  <controlfield tag="008">871230r19871877nfck   |b||||s0011  eng r</controlfield>
  <datafield tag="020" ind1=" " ind2=" ">
    <subfield code="a">0665678274</subfield>
  </datafield>
  <datafield tag="043" ind1=" " ind2=" ">
    <subfield code="a">n-cn-nf</subfield>
  </datafield>
  <datafield tag="082" ind1=" " ind2=" ">
    <subfield code="a">347.718016</subfield>
    <subfield code="2">19</subfield>
  </datafield>
  <datafield tag="100" ind1="1" ind2="0">
    <subfield code="a">Prowse, D. W.</subfield>
    <subfield code="q">(Daniel Woodley)</subfield>
  </datafield>
  <datafield tag="245" ind1="1" ind2="0">
    <subfield code="a">Manual for magistrates in Newfoundland</subfield>
    <subfield code="h">[microform] :</subfield>
    <subfield code="b">being a guide to their ordinary duties as justices of the peace, with appendix of forms /</subfield>
    <subfield code="c">by D.W. Prowse.</subfield>
  </datafield>
  <datafield tag="260" ind1="0" ind2=" ">
    <subfield code="a">St. John&apos;s, Nfld. :</subfield>
    <subfield code="b">J.C. Withers,</subfield>
    <subfield code="c">1877.</subfield>
  </datafield>
  <datafield tag="300" ind1=" " ind2=" ">
    <subfield code="a">4 microfiches (160 fr.) :</subfield>
    <subfield code="b">forms.</subfield>
  </datafield>
  <datafield tag="500" ind1=" " ind2=" ">
    <subfield code="a">Includes index.</subfield>
  </datafield>
  <datafield tag="500" ind1=" " ind2=" ">
    <subfield code="a">Includes bibliographical references.</subfield>
  </datafield>
  <datafield tag="533" ind1=" " ind2=" ">
    <subfield code="a">Filmed from a copy of the original publication held by the Memorial University of St. John&apos;s.</subfield>
    <subfield code="b">Ottawa :</subfield>
    <subfield code="c">Canadian Institute for Historical Microreproductions,</subfield>
    <subfield code="d">1987.</subfield>
  </datafield>
  <datafield tag="534" ind1=" " ind2=" ">
    <subfield code="e">[8], 278, xv p. : forms ; 22 cm.</subfield>
  </datafield>
  <datafield tag="650" ind1=" " ind2="0">
    <subfield code="a">Justices of the peace</subfield>
    <subfield code="z">Newfoundland.</subfield>
  </datafield>
  <datafield tag="650" ind1=" " ind2="0">
    <subfield code="a">Justice, Administration of</subfield>
    <subfield code="z">Newfoundland.</subfield>
  </datafield>
  <datafield tag="948" ind1=" " ind2=" ">
    <subfield code="a">10/19/1993</subfield>
    <subfield code="b">07/07/1997</subfield>
  </datafield>
  <datafield tag="904" ind1="0" ind2=" ">
    <subfield code="a">CIHM/ICMH Microfiche series = CIHM/ICMH collection de microfiches ;</subfield>
    <subfield code="v">no. 67827</subfield>
  </datafield>
  <datafield tag="998" ind1=" " ind2=" ">
    <subfield code="a"> 886007062</subfield>
  </datafield>
  <datafield tag="949" ind1=" " ind2=" ">
    <subfield code="a">CIHM no. 67827</subfield>
    <subfield code="w">LC</subfield>
    <subfield code="c">1</subfield>
    <subfield code="i">0999900538771</subfield>
    <subfield code="l">MICROTEXT</subfield>
    <subfield code="m">MEDIA_COMM</subfield>
    <subfield code="r">N</subfield>
    <subfield code="s">Y</subfield>
    <subfield code="t">MICROFORM</subfield>
    <subfield code="u">21/9/1992</subfield>
  </datafield>
</record>
</collection>
